@string{surf-sci-rep="Surf. Sci. Rep."}
@String{j-cat = {J. Catal.}}
@string{j-appl-phys={J. Appl. Phys.}}
@String{prl = {Phys. Rev. Lett.}}
@string{prb="Phys. Rev. B"}
@string{chem-comm={Chem. Commun.}}
@string{surf-sci="Surf. Sci."}
@String{jvsta = {J. Vac. Sci. Technol. A}}
@string{j-mol-cat-a={J. Mol. Catal. A}}

@Article{bardi1984,
  author = 	 {U. Bardi and P. N. Ross},
  title = 	 {{Initial stages of oxidation of the Pt\s{3}Ti(111) and
                  (100) single crystal surfaces}},
  journal = 	 jvsta ,
  year = 	 1984,
  volume =	 2,
  number =	 4,
  pages =	 {1461-1470}
}

@Misc{campos,
  howpublished = {\url{http://www.fysik.dtu.dk/CAMPOS}}
}

@Article{gauthier1985,
  author =	 {Y. Gauthier and Y. Joly and R. Baudoing and
                  J. Rundgren},
  title =	 {{Surface-sandwich segregation on nondilute bimetallic
                  alloys: Pt\s{50}Ni\s{50} and Pt\s{78}Ni\s{22} probed
                  by low-energy electron diffraction}},
  journal =	 prb,
  year =	 1985,
  volume =	 31,
  number =	 10,
  pages =	 {6216-6218}
}

@Article{gauthier2001:_adsor_co,
  author =	 {Y. Gauthier and M. Schmid and S. Padovani and
                  E. Lundgren and V. Bu{\v{s}} and G. Kresse and
                  J. Redinger and P. Varga},
  title =	 {{Adsorption sites and ligand effect for {CO} on an
                  alloy surface: a direct view}},
  journal =	 prl,
  year =	 2001,
  volume =	 87,
  number =	 3,
  pages =	 036103
}

@Article{gschneidner1962:_depar_law,
  author = 	 {Gschneidner, Jr., K. A. and G. H. Vineyard},
  title = 	 {{Departures from Vegard's Law}},
  journal = 	 j-appl-phys,
  year = 	 1962,
  volume =	 33,
  number =	 12,
  pages =	 {3444-3450}
}

@Article{hammer1995:_elect,
  author =	 {B. Hammer and J. K. N{\o}rskov},
  title =	 {{Electronic factors determining the reactivity of
                  metal surfaces}},
  journal =	 surf-sci,
  year =	 1995,
  volume =	 343,
  pages =	 {211-220}
}

@article{hammer1996:_co,
  Author =	 {B. Hammer and Y. Morikawa and J. K. N{\o}rskov},
  title =	 {{CO chemisorption at metal surfaces and overlayers}},
  Journal =	 prl,
  Volume =	 76,
  Number =	 12,
  Pages =	 {2141-2144},
  Note =	 {},
  Abstract =	 {},
  Year =	 1996
}

@Article{hammer1999:_improv_pbe,
  author =	 {B. Hammer and L. B. Hansen and J. K. N{\o}rskov},
  title =	 {{Improved adsorption energetics within
                  density-functional theory using revised
                  Perdew-Burke-Ernzerhof functionals}},
  journal =	 prb,
  year =	 1999,
  volume =	 59,
  number =	 11,
  pages =	 {7413-7421}
}

@article{hammer2000:_adv_cat,
  Author =	 {B. Hammer and J. K. N{\o}rskov},
  title =	 {{Theoretical surface science and catalysis -
                  Calculations and concepts}},
  Journal =	 {Advances in Catalysis},
  Volume =	 45,
  Pages =	 {71-129},
  Note =	 {},
  Year =	 2000
}

@Book{harrison1989,
  author =	 {W. A. Harrison},
  title =	 {{Electronic Structure and the Properties of Solids}},
  publisher =	 {Dover Publications, Inc.},
  year =	 1989
}

@Article{kitchin2003:_elucid_ni_pt,
  author =	 {J. R. Kitchin and K. A. Khan and J. G.  Chen and
                  M. A. Barteau and T. E. Madey and B. Yakshinsky},
  title =	 {{Elucidation of the active surface and origin of the
                  weak metal-hydrogen bond on Ni/Pt(111) surfaces: a
                  surface science and density functional theory}},
  journal =	 surf-sci,
  year =	 2003,
  volume =	 544,
  number =	 {2-3},
  pages =	 {295-308}
}

@article{liu2001:_ligan,
  Author =	 {Liu, P. and N{\o}rskov, J. K.},
  title =	 {Ligand and ensemble effects in adsorption on alloy
                  surfaces},
  Journal =	 {Phys. Chem. Chem. Phys.},
  Volume =	 3,
  Number =	 17,
  Pages =	 {3814-3818},
  Year =	 2001
}

@Article{markovic2001:_oxygen_pt_pt,
  author = 	 {N. M. Markovi{\'c} and T. J. Schmidt and
                  V. Stamenkovi{\'c} and P. N. Ross},
  title = 	 {Oxygen reduction reaction on Pt and Pt bimetallic
                  surfaces: a selective review},
  journal = 	 {Fuel Cells},
  year = 	 2001,
  volume =	 1,
  number =	 2,
  pages =	 {105-116}
}

@Article{markovic2002:_surfac_scien,
  author =	 {N. M. Markovi{\'c} and P. N. Ross Jr.},
  title =	 {Surface Science studies of model fuel cell
                  electrocatalysts},
  journal =	 surf-sci-rep,
  year =	 2002,
  volume =	 45,
  number = 	 {4-6},
  pages =	 {117-229}
}

@Article{mavrikakis1998:_effec_strain_metal,
  author =	 {M. Mavrikakis and B. Hammer and J. K. N{\o}rskov},
  title =	 {Effect of Strain on the reactivity of Metal
                  surfaces},
  journal =	 prl,
  year =	 1998,
  volume =	 81,
  number =	 13,
  pages =	 {2819-2822}
}

@article{norskov2002:_univer,
  Author =	 {J. K. N{\o}rskov and T. Bligaard and A. Logadottir
                  and S. Bahn and L. B. Hansen and M. Bollinger and
                  H. Bengaard and B. Hammer and Z. Sljivancanin
                  and M. Mavrikakis and Y. Xu and S. Dahl and
                   C. J. H. Jacobsen},
  title =	 {Universality in heterogeneous catalysis},
  Journal =	 j-cat,
  Volume =	 209,
  Number =	 2,
  Pages =	 {275-278},
  Year =	 2002
}

@Article{ruban1997:_surfac,
  author =	 {A. Ruban and B. Hammer and P. Stoltze and
                  H.L. Skriver and J.K. N{\o}rskov},
  title =	 {Surface electronic structure and reactivity of
                  transistion and noble metals},
  journal =	 j-mol-cat-a,
  year =	 1997,
  volume =	 115,
  pages =	 {421-429}
}

@Article{ruban1999,
  author =	 {A. V. Ruban and H. L. Skriver and J. K. N{\o}rskov},
  title =	 {Surface segregation energies in transition-metal
                  alloys},
  journal =	 prb,
  year =	 1999,
  volume =	 59,
  number =	 24,
  pages =	 {15990-16000}
}

@Book{sinfelt1983,
  author =	 {Sinfelt, J. H.},
  title = 	 {Bimetallic Catalysts: Discoveries, Concepts and Applications},
  publisher = 	 {John Wiley and Sons},
  year = 	 1983
}

@Article{toda1999,
  author = 	 {T. Toda and H. Igarashi and M. Watanabe},
  journal = 	 {J. Electroanal. Chem.},
  title   =      {Enhancement of the elctrocatalytic O2 reduction on
                  Pt-Fe alloys},
  year = 	 1999,
  volume =	 460,
  pages =	 {258-262}
}

@Book{vansanten1991,
  author =	 {R. A. van Santen},
  title = 	 {Theoretical Heterogeneous Catalysis},
  publisher = 	 {World Scientific},
  year = 	 1991
}

@Article{wan2002,
  author = 	 {L.-J. Wan and T. Moriyama and M. Ito and H. Uchida
                  and M. Watanabe},
  title  =       {In situ STM imaging of surface dissolution and
                  rearrangement of a Pt-Fe alloy electrocatalyst in
                  electrolyte solution}, 
  journal = 	 chem-comm,
  year = 	 2002,
  pages =	 {58-59},
  issue = 1
}

@Article{watanabe2000,
  author = 	 {M. Watanabe and Y. M. Zhu and H. Igarashi and H. Uchida},
  journal = 	 {Electrochemistry},
  title = 	 {Mechanism of CO tolerance at Pt-alloy anode
                  catalysts for polymer electrolyte fuel cells},
  year = 	 2000,
  volume =	 68,
  pages =	 {244-251}
}

@article{weigand1992,
  Author =	 {P. Weigand and P. Novacek and G. Vanhusen and
                  T. Neidhart and P. Varga},
  title =	 {Surface-Analysis of PtxNi1-X Single-Crystals},
  Journal =	 surf-sci,
  Volume =	 {269/270},
  Pages =	 {1129-1134},
  Note =	 {},
  Abstract =	 {},
  Year =	 1992
}

